%! Author = vanchondo
%! Date = 05/08/2022

@article{8013713,
  author  = {Mollahosseini, Ali and Hasani, Behzad and Mahoor, Mohammad H.},
  journal = {IEEE Transactions on Affective Computing},
  title   = {AffectNet: A Database for Facial Expression, Valence, and Arousal Computing in the Wild},
  year    = {2019},
  volume  = {10},
  number  = {1},
  pages   = {18-31},
  doi     = {10.1109/TAFFC.2017.2740923}
}
